@article{Roa-Villescas2023, 
  doi = {10.21105/joss.05700},
  url = {https://doi.org/10.21105/joss.05700},
  year = {2023},
  publisher = {The Open Journal},
  volume = {8},
  number = {90},
  pages = {5700},
  author = {Martin Roa-Villescas and Jin-Guo Liu},
  title = {TensorInference: A Julia package for tensor-based probabilistic inference},
  journal = {Journal of Open Source Software}
}
